@article{MANCINI20211,
title 	= {Formation and variation of a 4.5 m deep Oxisol in southeastern Brazil},
journal = {Catena},
volume 	= {206},
pages 	= {105492},
year 	= {2021},
doi 	= {https://doi.org/10.1016/j.catena.2021.105492},
author 	= {Marcelo Mancini and Sérgio Henrique Godinho Silva and Alfred E.
          Hartemink and Yakun Zhang and Álvaro José Gomes de {Faria} and
          Fernanda Magno Silva and Alberto Vanconcellos Inda and José A.M.
          Demattê and Nilton Curi}
}

@article{MANCINI20191,
title 	= {Tracing tropical soil parent material analysis via portable X-ray
         fluorescence (pXRF) spectrometry in Brazilian Cerrado},
journal = {Geoderma},
volume  = {337},
pages   = {718-728},
year    = {2019},
doi  	= {https://doi.org/10.1016/j.geoderma.2018.10.026},
author 	= {Marcelo Mancini and David C. Weindorf and Somsubhra Chakraborty and
          Sérgio Henrique Godinho Silva and Anita Fernanda dos Santos
          {Teixeira} and Luiz Roberto Guimarães Guilherme and Nilton Curi}
}

@article{YOUNG20041,
author  = {Young and Crawford, John W.},
title   = {Interactions and self-organization in the soil-microbe complex},
journal = {Science},
year    = {2004},
volume  = {304},
number  = {5677},
pages   = {1634-1637},
doi     = {https://doi.org/10.1126/science.1097394}
}

@article{YOUNG20011,
author  = {Young and Crawford, John W. and Rappoldt, C.},
title   = {New methods and models for characterising structural heterogeneity of
         soil},
journal = {Soil and Tillage Research},
volume  = {61},
number  = {1},
pages   = {33-45},
year    = {2001},
doi     = {https://doi.org/10.1016/S0167-1987(01)00188-X},
}

@article{WANZEK20181,
title   = {Quantifying biogeochemical heterogeneity in soil systems},
journal = {Geoderma},
volume  = {324},
pages   = {89-97},
year    = {2018},
doi     = {https://doi.org/10.1016/j.geoderma.2018.03.003},
author  = {Thomas Wanzek and Marco Keiluweit and John Baham and Maria I. Dragila
          and Scott Fendorf and Sabine Fiedler and Peter S. Nico and Markus
          Kleber}
}

@book{JENNY19411,
title     = {Factors of soil formation : a system of quantitative pedology},
publisher = {McGraw-Hill},
address   = {New York},
year      = {1941},
author    = {Hans Jenny}
}

@article{HARTEMINK20141,
title = {Towards digital soil morphometrics},
journal = {Geoderma},
volume = {230-231},
pages = {305-317},
year = {2014},
doi = {https://doi.org/10.1016/j.geoderma.2014.03.008},
author = {Alfred E. Hartemink and Budiman Minasny},
}

@article{MENEZES20141,
year    = {2014},
pages   = {659-672},
title   = {Morfometria e evolução do uso do solo e da vazão de máxima em uma
           micro bacia urbana},
volume  = {15},
journal = {Revista Brasileira de Geomorfologia},
doi     = {https://doi.org/10.20502/rbg.v15i4.597},
author  = {Menezes, João Paulo and Franco, Camila and Coutinho de Oliveira,
           Luiz and Bittencourt, Ricardo and Farias, Matheus and Fia, Ronaldo},
}

@article{BHATTACHARYA20211,
year    = {2021},
pages   = {501},
title   = {Morphometric analysis to characterize the soil erosion
           susceptibility in the western part of lower Gangetic River basin,
           India},
volume  = {14},
journal = {Arabian Journal of Geosciences},
doi     = {https://doi.org/10.1007/s12517-021-06819-8},
author  = {Bhattacharya, Raj Kumar and Chatterjee, Nilanjana Das and Acharya, Prasenjit},
}

@article{ADAMCHUK20041,
title = {On-the-go soil sensors for precision agriculture},
journal = {Computers and Electronics in Agriculture},
volume = {44},
number = {1},
pages = {71-91},
year = {2004},
doi = {https://doi.org/10.1016/j.compag.2004.03.002},
author = {V.I Adamchuk and J.W Hummel and M.T Morgan and S.K Upadhyaya},
}

@article{TERRA20181,
title   = {Proximal spectral sensing in pedological assessments: vis–NIR
           spectra for soil classification based on weathering and
           pedogenesis},
journal = {Geoderma},
volume  = {318},
pages   = {123-136},
year    = {2018},
doi     = {https://doi.org/10.1016/j.geoderma.2017.10.053},
author  = {Fabrício S. Terra and José A.M. Demattê and Raphael A. {Viscarra Rossel}},
}

@techreport{USDA20101,
  title       = "Buried Soils and Their Effect on Taxonomic Classification",
  author 	  = "USDA",
  institution = "US Department of Agriculture",
  address     = "National Soil Survey Center, Lincoln, NE",
  year        = "2010"
}

@article{ALEXANDROVSKYI20041,
Author  = {Alexandrovskiy, A.L. and Glasko, M.P. and Krenke, N.A. and Chichagova, O.A.},
Title   = {Buried soils of floodplains and paleoenvironmental changes in the
           Holocene},
Journal = {Revista Mexicana de Ciencias Geologicas},
Year    = {2004},
Volume  = {21},
Number  = {1},
Pages   = {9-17}
}

@article{MITUSOV20091,
author  = {A.V. Mitusov and O.E. Mitusova and K. Pustovoytov and C.C.-M. Lubos
           and S. Dreibrodt and H.-R. Bork},
title   = {Palaeoclimatic indicators in soils buried under archaeological
           monuments in the Eurasian steppe: a review},
journal = {The Holocene},
volume  = {19},
number  = {8},
pages   = {1153-1160},
year    = {2009},
doi     = {https://doi.org/10.1177/0959683609345076}
}


@article{PIETSCH20171,
Author  = {Pietsch, Dana and Kuehn, Peter},
Title   = {Buried soils in the context of geoarchaeological research-two
           examples from Germany and Ethiopia},
Journal = {Archaeological and Anthropological Sciences},
Year    = {2017},
Volume  = {9},
Pages   = {1571-1583},
DOI     = {https://doi.org/10.1007/s12520-014-0180-9},
}

@techreport{SMITH19861,
  title       = "The Guy Smith interviews: rationale for concepts in Soil
                Taxonomy",
  author 	  = "Guy D. Smith",
  institution = "Soil Management Support Services",
  address     = "Technical Monograph No. 11, Washington, DC",
  year        = "1986"
}


@article{BIANCHINI20221,
Author 	= {Bianchini, G. and Accorsi, C. A. and Cremonini, S. and De Feudis, M.
		   and Forlani, L. and Salani, G. M. and Vianello, G. and Antisari, L. Vittori},
Title 	= {Late Glacial and Holocene buried black soils in Emilia (northern
		   Italy): genetic and paleoenvironmental insights},
Journal = {Journal of Soils and Sediments},
Year 	= {2022},
Volume 	= {22},
Number  = {2},
Pages 	= {409-428},
DOI 	= {https://doi.org/10.1007/s11368-021-03088-6}
}

@article{MEIER20141,
Author  = {Meier, Holly A. and Driese, Steven G. and Nordt, Lee C. and Forrnan,
           Steven L. and Dworkin, Stephen I.},
Title   = {Interpretation of Late Quaternary climate and landscape variability
           based upon buried soil macro- and micromorphology, geochemistry, and
           stable isotopes of soil organic matter, Owl Creek, central Texas,
           USA},
Journal = {Catena},
Year    = {2014},
Volume  = {114},
Pages   = {157-168},
DOI     = {https://doi.org/10.1016/j.catena.2013.08.019}
}

@article{MOHAMMED20161,
Author  = {Mohammed, Aoesta K. and Hirmas, Daniel R. and Giménez, Daniel and
           Mandel, Rolfe D. and Miller, James R.},
Title   = {A digital morphometric approach for quantifying ped shape},
Journal = {Soil Science Society of America Journal},
Volume  = {80},
Number  = {6},
Pages   = {1604-1618},
DOI     = {https://doi.org/10.2136/sssaj2016.06.0203},
Year    = {2016}
}

@article{HARTEMINK20131,
Author  = {Alfred E. Hartemink and Pavel Krasilnikov and J.G. Bockheim},
Title   = {Soil maps of the world},
Journal = {Geoderma},
Volume  = {207-208},
Pages   = {256-267},
Year    = {2013},
DOI     = {https://doi.org/10.1016/j.geoderma.2013.05.003},
}

@article{LAMICHHANE20211,
Author  = {Sushil Lamichhane and Lalit Kumar and Kabindra Adhikari},
Title   = {Updating the national soil map of Nepal through digital soil mapping},
Journal = {Geoderma},
Volume  = {394},
Pages   = {115041},
Year    = {2021},
DOI     = {https://doi.org/10.1016/j.geoderma.2021.115041}
}

@article{DHARUMARAJAN20191,
Author  = {S. Dharumarajan and Rajendra Hegde and N. Janani and S.K. Singh},
Title   = {The need for digital soil mapping in India},
Journal = {Geoderma Regional},
Volume  = {16},
Pages   = {e00204},
Year    = {2019},
DOI     = {https://doi.org/10.1016/j.geodrs.2019.e00204}
}

@article{RIVIECCIO20201,
Author  = {Rosa Rivieccio and  Claudia Di Bene and Massimo Paolanti
          and Marco Marchetti and Rosario Napoli  },
Title   = {Soil rooting depth of Italy},
Journal = {Journal of Maps},
Volume  = {16},
Number  = {2},
Pages   = {36-42},
Year    = {2020},
DOI     = {https://doi.org/10.1080/17445647.2019.1690595}
}

@article{MCBRATNEY20031,
Author  = {A.B McBratney and M.L Mendonça Santos and B Minasny},
Title   = {On digital soil mapping},
Journal = {Geoderma},
Volume  = {117},
Number  = {1},
Pages   = {3-52},
Year    = {2003},
DOI     = {https://doi.org/10.1016/S0016-7061(03)00223-4}
}

@article{CONDIT19701,
Author  = {H. R. Condit},
Title   = {The spectral reflectance of american soils},
Journal = {Photogrammetric Engineering},
Volume  = {36},
Number  = {9},
Pages   = {955-966},
Year    = {1970},
}

@article{GE20111,
Author  = {Ge, Yufeng and Thomasson, Alex and Sui, Ruixiu},
Title   = {Remote sensing of soil properties in precision agriculture: A review},
Journal = {Frontiers of Earth Science},
Volume  = {5},
Pages   = {229-238},
Year    = {2011},
DOI 	= {https://doi.org/10.1007/s11707-011-0175-0}
}

@article{FANG20181,
Author  = {Fang, Qian and Hong, Hanlie and Zhao, Lulu and Kukolich, Stephanie
           and Yin, Ke and Wang, Chaowen},
Title   = {Visible and Near-Infrared Reflectance Spectroscopy for Investigating
           Soil Mineralogy: A Review},
Journal = {Journal of Spectroscopy},
Year    = {2018},
Volume  = {2018},
DOI     = {https://doi.org/10.1155/2018/3168974}
}

@techreport{USGS20171,
Title       = {USGS Spectral Library Version 7},
Author 	  = {Raymond F. Kokaly and Roger N. Clark and Gregg A. Swayze and
             K. Eric Livo and Todd M. Hoefen and Neil C. Pearson and Richard
             A. Wise and William M. Benzel and Heather A. Lowers and Rhonda
             L. Driscoll and and Anna J. Klein},
Institution = {U.S. Geological Survey},
Address     = {Data Series 1035},
Year        = {2017}
}

@article{ZHAO20181,
Author  = {Lulu Zhao and Hanlie Hong and Jiacheng Liu and Qian Fang and Yuzeng
           Yao and Wei Tan and Ke Yin and Chaowen Wang and Mi Chen and Thomas
           J. Algeo},
Title   = {Assessing the utility of visible-to-shortwave infrared reflectance
           spectroscopy for analysis of soil weathering intensity and
           paleoclimate reconstruction},
Journal = {Palaeogeography, Palaeoclimatology, Palaeoecology},
Volume  = {512},
Pages   = {80-94},
Year    = {2018},
DOI     = {https://doi.org/10.1016/j.palaeo.2017.07.007},
}

@article{COBLINSKI20211,
Author 	= {Coblinski, Joao Augusto and Inda, Alberto Vasconcellos and Dematte,
           Jose A. M. and Dotto, Andre C. and Gholizadeh, Asa and Giasson,
           Elvio},
Title 	= {Identification of minerals in subtropical soils with different
          textural classes by VIS-NIR-SWIR reflectance spectroscopy},
Journal = {Catena},
Year 	= {2021},
Volume 	= {203},
DOI 	= {https://doi.org/10.1016/j.catena.2021.105334}
}

@article{CORRADINI20191,
Author 	= {Fabio Corradini and Harm Bartholomeus and Esperanza Huerta Lwanga
           and Hennie Gertsen and Violette Geissen},
Title 	= {Predicting soil microplastic concentration using vis-NIR spectroscopy},
Journal = {Science of The Total Environment},
Volume 	= {650},
Pages 	= {922-932},
Year 	= {2019},
DOI 	= {https://doi.org/10.1016/j.scitotenv.2018.09.101}
}

@article{BENEDET20201,
Author 	= {Lucas Benedet and Wilson Missina Faria and Sérgio Henrique Godinho
           Silva and Marcelo Mancini and José Alexandre Melo Demattê and Luiz
           Roberto Guimarães Guilherme and Nilton Curi},
Title 	= {Soil texture prediction using portable X-ray fluorescence
          spectrometry and visible near-infrared diffuse reflectance
          spectroscopy},
Journal = {Geoderma},
Volume 	= {376},
Pages 	= {114553},
Year 	= {2020},
DOI 	= {https://doi.org/10.1016/j.geoderma.2020.114553}
}

@article{ZHANG20201,
Author 	= {Zhang, Yakun and Hartemink, Alfred E.},
Title 	= {Data fusion of vis-NIR and PXRF spectra to predict soil physical and
          chemical properties},
Journal = {European Journal of Soil Science},
Year 	= {2020},
Volume 	= {71},
Number 	= {3},
Pages 	= {316-333},
DOI 	= {https://doi.org/10.1111/ejss.12875}
}

@incollection{GLANZMAN20071,
Author 	  = {Glanzman, R and Closs, Graham},
Editor    = {Milkereit, B.},
Title 	  = {Field Portable X-Ray Fluorescence Geochemical Analysis - Its
         Contribution to Onsite Real-time Project Analysis},
Booktitle = {Proceedings of Exploration 07: Fifth Decennial International
             Conference on Mineral Exploration},
Publisher = {Advances in Prospect-Scale Geochemical Methods},
Year 	  = {2007},
Pages 	  = {291-301}
}

@article{LEMIERE20181,
Author 	= {Bruno Lemière},
Title 	= {A review of pXRF (field portable X-ray fluorescence) applications
          for applied geochemistry},
Journal = {Journal of Geochemical Exploration},
Volume 	= {188},
Pages 	= {350-363},
Year 	= {2018},
DOI 	= {https://doi.org/10.1016/j.gexplo.2018.02.006},
}

@article{YOUNG20161,
Author 	= {Young and Cynthia A. Evans and Kip V. Hodges and Jacob E.
           Bleacher and Trevor G. Graff},
Title 	= {A review of the handheld X-ray fluorescence spectrometer as a tool
          for field geologic investigations on Earth and in planetary surface
          exploration},
Journal = {Applied Geochemistry},
Volume 	= {72},
Pages 	= {77-87},
Year 	= {2016},
DOI 	= {https://doi.org/10.1016/j.apgeochem.2016.07.003},
}

@incollection{SILVA20211,
Author 	= {Sérgio Henrique Godinho Silva and Bruno Teixeira Ribeiro and Marcelo
           Braga Bueno Guerra and Hudson Wallace Pereira {de Carvalho} and
           Guilherme Lopes and Geila Santos Carvalho and Luiz Roberto Guimarães
           Guilherme and Mauro Resende and Marcelo Mancini and Nilton Curi and
           Rogerio Borguete Alves Rafael and Valeria Cardelli and Stefania
           Cocco and Giuseppe Corti and Somsubhra Chakraborty and Bin Li and
           David C. Weindorf},
Title 	= {Chapter One - pXRF in tropical soils: Methodology, applications,
          achievements and challenges},
Editor 	= {Donald L. Sparks},
Series 	= {Advances in Agronomy},
Publisher = {Academic Press},
Volume 	= {167},
Pages 	= {1-62},
Year 	= {2021},
DOI 	= {https://doi.org/10.1016/bs.agron.2020.12.001},
}

@article{ANDRADE20201,
Author 	= {Renata Andrade and Wilson Missina Faria and Sérgio Henrique Godinho
           Silva and Somsubhra Chakraborty and David C. Weindorf and Luiz
           Felipe Mesquita and Luiz Roberto Guimarães Guilherme and Nilton
           Curi},
Title 	= {Prediction of soil fertility via portable X-ray fluorescence (pXRF)
          spectrometry and soil texture in the Brazilian Coastal Plains},
Journal = {Geoderma},
Volume 	= {357},
Pages 	= {113960},
Year 	= {2020},
DOI 	= {https://doi.org/10.1016/j.geoderma.2019.113960},
}

@article{MANCINI20192,
author 	= {Marcelo Mancini and David C. Weindorf and Sérgio Henrique Godinho
           Silva and Somsubhra Chakraborty and Anita Fernanda dos Santos
           Teixeira and Luiz Roberto Guimarães Guilherme and Nilton Curi},
title 	= {Parent material distribution mapping from tropical soils data via
          machine learning and portable X-ray fluorescence (pXRF) spectrometry
          in Brazil},
journal = {Geoderma},
volume 	= {354},
pages 	= {113885},
year 	= {2019},
doi 	= {https://doi.org/10.1016/j.geoderma.2019.113885},
}

@article{ROUILLON20161,
Author  = {Marek Rouillon and Mark P. Taylor},
Title   = {Can field portable X-ray fluorescence (pXRF) produce high quality
           data for application in environmental contamination research?},
Journal = {Environmental Pollution},
Volume  = {214},
Pages   = {255-264},
Year    = {2016},
DOI     = {https://doi.org/10.1016/j.envpol.2016.03.055},
}

@article{FARIA20201,
Author  = {Faria, Alvaro Jose Gomes and Silva, Sergio Henrique Godinho and
           Melo, Leonidas Carrijo Azevedo and Andrade, Renata and Mancini,
           Marcelo and Mesquita, Luiz Felipe and Santos Teixeira, Anita
           Fernanda and Guilherme, Luiz Roberto Guimaraes and Curi, Nilton},
Title   = {Soils of the Brazilian Coastal Plains biome: prediction of chemical
           attributes via portable X-ray fluorescence (pXRF) spectrometry and
           robust prediction models},
Journal = {Soil Research},
Year    = {2020},
Volume  = {58},
Number  = {7},
Pages   = {683-695},
DOI     = {https://doi.org/10.1071/SR20136},
}

@article{STOCKMANN20161,
Author 	= {U. Stockmann and S.R. Cattle and B. Minasny and Alex B. McBratney},
Title 	= {Utilizing portable X-ray fluorescence spectrometry for in-field
          investigation of pedogenesis},
Journal = {Catena},
Volume 	= {139},
Pages 	= {220-231},
Year 	= {2016},
DOI 	= {https://doi.org/10.1016/j.catena.2016.01.007},
}

@article{HORTA20151,
Author  = {A. Horta and B. Malone and U. Stockmann and B. Minasny and T.F.A.
           Bishop and A.B. McBratney and R. Pallasser and L. Pozza},
Title   = {Potential of integrated field spectroscopy and spatial analysis for
           enhanced assessment of soil contamination: A prospective review},
Journal = {Geoderma},
Volume  = {241-242},
Pages   = {180-209},
Year    = {2015},
DOI     = {https://doi.org/10.1016/j.geoderma.2014.11.024},
}

@article{BENEDET20221,
Author 	= {Lucas Benedet and Sérgio Henrique Godinho Silva and Marcelo Mancini
           and Anita Fernanda dos Santos Teixeira and Alberto Vasconcellos Inda
           and José A.M. Demattê and Nilton Curi},
Title 	= {Variation of properties of two contrasting Oxisols enhanced by pXRF
          and Vis-NIR},
Journal = {Journal of South American Earth Sciences},
Volume 	= {115},
Pages 	= {103748},
Year 	= {2022},
DOI 	= {https://doi.org/10.1016/j.jsames.2022.103748}
}

@article{MANCINI20211,
Author  = {Marcelo Mancini and Sérgio Henrique Godinho Silva and Alfred E.
           Hartemink and Yakun Zhang and Álvaro José Gomes Faria and
           Fernanda Magno Silva and Alberto Vanconcellos Inda and José A.M.
           Demattê and Nilton Curi},
Title   = {Formation and variation of a 4.5 m deep Oxisol in southeastern Brazil},
Journal = {catena},
Volume  = {206},
Pages   = {105492},
Year    = {2021},
DOI     = {https://doi.org/10.1016/j.catena.2021.105492},
}

@article{SILVA20181,
Author  = {Sérgio Henrique Godinho Silva and Alfred E. Hartemink and Anita
           Fernanda dos Santos Teixeira and Alberto Vasconcellos Inda and Luiz
           Roberto Guimarães Guilherme and Nilton Curi},
Title   = {Soil weathering analysis using a portable X-ray fluorescence (PXRF)
           spectrometer in an Inceptisol from the Brazilian Cerrado},
Journal = {Applied Clay Science},
Volume  = {162},
Pages   = {27-37},
Year    = {2018},
DOI     = {https://doi.org/10.1016/j.clay.2018.05.028},
}

@article{RIBEIRO20171,
Author  = {Ribeiro, Bruno Teixeira and Silva, Sergio Henrique Godinho and
           Silva, Elen Alvarenga and Guilherme, Luiz Roberto Guimaraes},
Title   = {Portable X-ray fluorescence (pXRF) applications in tropical Soil
           Science},
Journal = {Ciência e Agrotecnologia},
Year    = {2017},
Volume  = {41},
Number  = {3},
Pages   = {245-254},
doi     = {https://doi.org/10.1590/1413-70542017413000117}
}

@article{ALVARES20131,
Author  = {Alvares, Clayton Alcarde and Stape, José Luiz and Sentelhas, Paulo
           César and de Moraes Gonçalves, José Leonardo and Sparovek, Gerd},
Journal = {Meteorologische Zeitschrift},
Year    = 2013,
Title   = {K{\"o}ppen's climate classification map for Brazil},
Number  = 6,
Volume  = 22,
Pages   = {711-728},
DOI     = {http://doi.org/10.1127/0941-2948/2013/0507}
}

@book{CURI20171,
Title     = {Mapeamento de solos e magnestismo no campus da UFLA como
             traçadores ambientais},
Publisher = {UFLA},
Address   = {Lavras},
Year      = {2017},
Author    = {Curi, Nilton and Silva, Henrique Godinho Sérgio and Poggere,
             Giovana Clarisse and Menezes, Michele Duarte}
}

@techreport{ASF20151,
Title       = {Alos Palsar radiometric terrain corrected high-res
               (AP 26358 FBS F6750 RT1)},
Author 	    = {{ASF DAAC}},
Institution = {NASA},
Address     = {Includes material from JAXA/METI (2007)},
Year        = {2015},
DOI         = {https://doi.org/10.5067/JBYK3J6HFSVF}
}

@article{MCLEAN19581,
author  = {McLean, E. O. and Heddleson, M. R. and Bartlett, R. J. and Holowaychuk, N.},
title   = {Aluminum in Soils: I. Extraction Methods and Magnitudes in Clays and Ohio Soils},
journal = {Soil Science Society of America Journal},
volume  = {22},
number  = {5},
pages   = {382-387},
doi     = {https://doi.org/10.2136/sssaj1958.03615995002200050005x},
year    = {1958}
}

@article{MEHLICH19841,
author  = {Mehlich, A.},
title   = {Mehlich 3 soil test extractant: A modification of Mehlich 2 extractant},
journal = {Communications in Soil Science and Plant Analysis},
volume  = {15},
number  = {12},
pages   = {1409-1416},
year    = {1984},
doi     = {https://doi.org/10.1080/00103628409367568}
}

@techreport{VETTORI19691,
Title       = {Métodos de análise de solo},
Author      = {Vettori, Leandro},
institution = {Escrit{\"o}rio de Pedologia e Fertilidade de Solos},
Address     = {Rio de Janeiro, Technical report 7},
Year        = {1969}
}

@article{WALKLEY19341,
author  = {Mehlich, A.},
title   = {An examination of the Degtjareff method for determining soil organic
           matter and a proposed modification of the chromic acid titration
           method},
journal = {Soil Science},
volume  = {37},
pages   = {29-38},
year    = {1934},
doi     = {http://doi.org/10.1097/00010694-193401000-00003}
}

@inbook{GEE19841,
author      = {Gee, G. W. and Bauder, J. W.},
publisher   = {John Wiley & Sons, Ltd},
title       = {Particle-size Analysis},
booktitle   = {Methods of Soil Analysis},
chapter     = {15},
pages       = {383-411},
doi         = {https://doi.org/10.2136/sssabookser5.1.2ed.c15},
year        = {1986},
}

@manual{RLANG20221,
title 	= {R, a language and environment for statistical computing},
author 	= {{R Core Team}},
organization = {R Foundation for Statistical Computing},
address = {Vienna, Austria},
year 	= {2022},
url     = {https://www.r-project.org}
}

@manual{QGIS20221,
title   = {QGIS Geographic Information System},
author  = {QGIS},
organization = {QGIS Association},
year    = {2022},
url     = {https://www.qgis.org}
}  

@manual{NEUWIRTH20141,
title 	= {RColorBrewer: ColorBrewer Palettes},
author 	= {Erich Neuwirth},
year 	= {2014},
note 	= {R package version 1.1-2},
url 	= {https://CRAN.R-project.org/package=RColorBrewer}
}

@article{WICKHAM20191,
title 	= {Welcome to the {tidyverse}},
author 	= {Hadley Wickham and Mara Averick and Jennifer Bryan and Winston Chang
           and Lucy D'Agostino McGowan and Rom ain François and Garrett
           Grolemund and Alex Hayes and Lionel Henry and Jim Hester and Max
           Kuhn and Thomas Lin Pedersen and Evan Miller and Stephan Milton
           Bache and Kirill Müller and Jeroen Ooms and David Robinson and Dana
           Paige Seidel a nd Vitalie Spinu and Kohske Takahashi and Davis
           Vaughan and Claus Wilke and Kara Woo and Hiroaki Yutani},
year 	= {2019},
journal = {Journal of Open Source Software},
volume 	= {4},
number 	= {43},
pages 	= {1686},
doi 	= {https://doi.org/10.21105/joss.01686},
}

@manual{KASSAMBARA20201,
title  	= {ggpubr: 'ggplot2' Based Publication Ready Plots},
author 	= {Alboukadel Kassambara},
year 	= {2020},
note 	= {R package version 0.4.0},
url 	= {https://CRAN.R-project.org/package=ggpubr},
}

@manual{WICKHAM20201,
title 	= {scales: Scale Functions for Visualization},
author 	= {Hadley Wickham and Dana Seidel},
year 	= {2020},
note 	= {R package version 1.1.1},
url 	= {https://CRAN.R-project.org/package=scales},
}

@article{CONRAD20151,
author  = {Conrad, O. and Bechtel, B. and Bock, M. and Dietrich, H. and Fischer,
          E. and Gerlitz, L. and Wehberg, J. and Wichmann, V. and B\"ohner,
          J.},
title   = {System for Automated Geoscientific Analyses (SAGA) v. 2.1.4},
journal = {Geoscientific Model Development},
volume  = {8},
year    = {2015},
number  = {7},
pages   = {1991-2007},
url     = {https://gmd.copernicus.org/articles/8/1991/2015/},
doi     = {https://doi.org/10.5194/gmd-8-1991-2015}
}

@article{SILVANETO20191,
title   = {Palaeoenvironmental records of Histosol pedogenesis in upland area, Espírito Santo State (SE, Brazil)},
author  = {Eduardo Carvalho da {Silva Neto} and Marcos Gervasio Pereira and
          Marcelo de Araujo Carvalho and Marcia Regina Calegari and Jolimar
          Antonio Schiavo and Natália {de Paula Sá} and Lúcia Helena Cunha
          Anjos and Luiz Carlos Ruiz Pessenda},
journal = {Journal of South American Earth Sciences},
volume  = {95},
pages   = {102301},
year    = {2019},
doi     = {https://doi.org/10.1016/j.jsames.2019.102301}
}

@article{SOARES20211,
author  = {Soares, Paula Fernanda Chaves and Silva, Rafael Cipriano and {Silva
           Neto}, Eduardo Carvalho and Marcos Gervasio Pereira and {Pinheiro
           Junior}, Carlos Roberto and Luiz Carlos Ruiz Pessenda and Anjos, Lúcia Helena Cunha},
title   = {Histosol pedogenesis in floodplain coastal environments in the state
           of Rio de Janeiro, Brazil},
journal = {Catena},
volume  = {207},
pages   = {105612},
year    = {2021},
issn    = {0341-8162},
doi     = {https://doi.org/10.1016/j.catena.2021.105612}
}

@article{SILVANETO20201,
author  = {Eduardo Carvalho da {Silva Neto} and Marcos Gervasio Pereira and
           Lúcia Helena Cunha dos Anjos and Marcia Regina Calegari and Antônio
           Carlos Azevedo and Jolimar Antonio Schiavo and Luiz Carlos Ruiz
           Pessenda},
title   = {Phytoliths as paleopedological records of an
           histosol-cambisol-ferralsol sequence in Southeastern Brazil},
journal = {Catena},
volume  = {193},
pages   = {104642},
year    = {2020},
doi     = {https://doi.org/10.1016/j.catena.2020.104642}
}
@Article{YANG20191,
author  = {Yang, Meihua and Xu, Dongyun and Chen, Songchao and Li, Hongyi and
           Shi, Zhou},
title   = {Evaluation of Machine Learning Approaches to Predict Soil Organic
           Matter and pH Using vis-NIR Spectra},
journal = {Sensors},
volume  = {19},
year    = {2019},
number  = {2},
doi     = {https://doi.org/10.3390/s19020263}
}

@Article{THOMAS20221,
author  = {Thomas, Felix and Petzold, Rainer and Landmark, Solveig and
           Mollenhauer, Hannes and Becker, Carina and Werban, Ulrike},
title   = {Estimating Forest Soil Properties for Humus Assessment&mdash;Is Vis-NIR the Way to Go?},
journal = {Remote Sensing},
volume  = {14},
year    = {2022},
number  = {6},
url     = {https://www.mdpi.com/2072-4292/14/6/1368},
doi     = {https://doi.org/10.3390/rs14061368}
}

@article{FANG20181,
Author = {Fang, Qian and Hong, Hanlie and Zhao, Lulu and Kukolich, Stephanie
          and Yin, Ke and Wang, Chaowen},
Title = {Visible and Near-Infrared Reflectance Spectroscopy for Investigating
         Soil Mineralogy: A Review},
Journal = {Journal of Spectroscopy},
Year = {2018},
DOI = {https://doi.org/10.1155/2018/3168974}
}

@article{DEMATTE20191,
author = {Demattê, J.A.M. and Dotto, André Carnieletto and Ariane F.S. Paiva
          and Marcus V. Sato and Ricardo S.D. Dalmolin and Maria do Socorro B.
          {de Araújo} and Elisângela B. {da Silva} and Marcos R. Nanni and
          Alexandre {ten Caten} and Norberto C. Noronha and Marilusa P.C.
          Lacerda and José Coelho {de Araújo Filho} and Rodnei Rizzo and
          Henrique Bellinaso and Márcio R. Francelino and Carlos E.G.R.
          Schaefer and Luiz E. Vicente and Uemeson J. {dos Santos} and Everardo
          V. {de Sá Barretto Sampaio} and Rômulo S.C. Menezes and José João
          L.L. {de Souza} and Walter A.P. Abrahão and Ricardo M. Coelho and
          Célia R. Grego and João L. Lani and Antonio R. Fernandes and Deyvison
          A.M. Gonçalves and Sérgio H.G. Silva and Michele D. {de Menezes} and
          Nilton Curi and Eduardo G. Couto and Lúcia H.C. {dos Anjos} and
          Marcos B. Ceddia and Érika F.M. Pinheiro and Sabine Grunwald and
          Gustavo M. Vasques and José {Marques Júnior} and Airon J. {da Silva}
          and Marcos C. de Vasconcelos Barreto and Gabriel N. Nóbrega and
          Marcelo Z. {da Silva} and Sara F. {de Souza} and Gustavo S.
          Valladares and João Herbert M. Viana and Fabricio {da Silva Terra}
          and Ingrid Horák-Terra and Peterson R. Fiorio and Rafael C. {da
          Silva} and Elizio F. {Frade Júnior} and Raimundo H.C. Lima and José
    M. Filippini Alba and Valdomiro S. {de Souza Junior} and Maria De Lourdes
    Mendonça Santos Brefin and Maria De Lourdes P. Ruivo and Tiago O. Ferreira
    and Marny A. Brait and Norton R. Caetano and Idone Bringhenti and Wanderson
    {de Sousa Mendes} and José L. Safanelli and Clécia C.B. Guimarães and Raul
    R. Poppiel and Arnaldo Barros {e Souza} and Carlos A. Quesada and Hilton T.
    Zarate {do Couto}},
title = {The Brazilian Soil Spectral Library (BSSL): A general view,
         application and challenges},
journal = {Geoderma},
volume = {354},
pages = {113793},
year = {2019},
doi = {https://doi.org/10.1016/j.geoderma.2019.05.043}
}

@article{SILVA20181,
author  = {Sérgio Henrique Godinho Silva and Alfred E. Hartemink and Anita
          Fernanda dos Santos Teixeira and Alberto Vasconcellos Inda and Luiz
          Roberto Guimarães Guilherme and Nilton Curi},
title   = {Soil weathering analysis using a portable X-ray fluorescence (PXRF)
         spectrometer in an Inceptisol from the Brazilian Cerrado},
journal = {Applied Clay Science},
volume  = {162},
pages   = {27-37},
year    = {2018},
doi     = {https://doi.org/10.1016/j.clay.2018.05.028},
}

@article{DEMATTE20171,
author  = {J.A.M. Demattê and Ingrid Horák-Terra and Raphael
          Moreira Beirigo and Fabrício da Silva Terra and Karina Patrícia
          Prazeres Marques and Caio Troula Fongaro and Alexandre Christófaro
          Silva and Pablo Vidal-Torrado},
title   = {Genesis and properties of wetland soils by VIS-NIR-SWIR as a technique
         for environmental monitoring},
journal = {Journal of Environmental Management},
volume  = {197},
pages   = {50-62},
year    = {2017},
doi     = {https://doi.org/10.1016/j.jenvman.2017.03.014}
}

@article{SHI20131,
author  = {Shi, Tiezhu and Cui, Lijuan and Wang, Junjie and Fei, Teng and Chen,
          Yiyun and Wu, Guofeng},
title   = {Comparison of multivariate methods for estimating soil total nitrogen
         with visible/near-infrared spectroscopy},
journal = {Plant and Soil},
year    = {2013},
volume  = {366},
number  = {1-2},
pages   = {363-375},
doi     = {https://doi.org/10.1007/s11104-012-1436-8}
}

@book{SANTOS20181,
author  = {Santos, H. G. and Jacomine, P. K. T. and Anjos, L. H. C. and
          Oliveira, V. A. and Lumbreras, J. F. and Coelho, M. R. and Almeida,
          J. A. and Filho, J. C. A. and Oliveira, J. B. and Cunha, T. J. F.},
title   = {Sistema brasileiro de classificação de solos},
edition = {5},
publisher = {Embrapa Solos},
address = {Brasília},
year    = {2018}
}
    
@article{CURCIO20131,
author  = {D. Curcio and G. Ciraolo and F. D’Asaro and M. Minacapilli},
title   = {Prediction of soil texture distributions using VNIR-SWIR reflectance spectroscopy},
journal = {Procedia Environmental Sciences},
volume  = {19},
pages   = {494-503},
year    = {2013},
doi     = {https://doi.org/10.1016/j.proenv.2013.06.056}
}

@manual{STEVENS20221,
title   = {An introduction to the prospectr package},
author  = {Antoine Stevens and Leornardo Ramirez-Lopez},
publication = {R package Vignette},
year    = {2022},
note    = {R package version 0.2.4}
}

@article{ASHTEKAR20131,
author = {Ashtekar, Jenette M. and Owens, Phillip R.},
title = {Remembering knowledge: An expert knowledge based approach to digital soil mapping},
journal = {Soil Horizons},
volume = {54},
number = {5},
pages = {1-6},
doi = {https://doi.org/10.2136/sh13-01-0007},
year = {2013}
}

@article{KALNICKY20011,
author = {Dennis J Kalnicky and Raj Singhvi},
title = {Field portable XRF analysis of environmental samples},
journal = {Journal of Hazardous Materials},
volume = {83},
number = {1},
pages = {93-122},
year = {2001},
doi = {https://doi.org/10.1016/S0304-3894(00)00330-7},
}

@incollection{KAMPF20121,
Author 	  = {Nestor Kämpf and J. J. Marques and Nilton Curi},
Title 	  = {Mineralogia de Solos Brasileiros},
Booktitle = {Pedologia Fundamentos},
Publisher = {UFLA},
Year 	  = {2012},
Pages 	  = {81-146}
}